@Book{Pierce91,
  author = {Benjamin C. Pierce},
  title = {Basic Category Theory for Computer Sicentists},
  publisher = {The {MIT} Press},
  year = 1991}

@Unpublished{DoghmiGuttmanThayer06a,
  author = 	 {Shaddin F. Doghmi and Joshua D.~Guttman and F. Javier
  Thayer},
  title = 	 {Searching for Shapes in Cryptographic Protocols (Extended Version)},
  note = 	 {\url{http://eprint.iacr.org/2006/435}},
  month = 	 nov,
  year = 	 2006}

@InProceedings{DoghmiGuttmanThayer07,
  author    = {Shaddin F. Doghmi and
               Joshua D. Guttman and
               F. Javier Thayer},
  title = 	 {Searching for Shapes in Cryptographic Protocols},
  booktitle = {Tools and Algorithms for Construction and
               Analysis of Systems {(TACAS)}},
  year = 	 2007,
  series = 	 {LNCS},
  number =	 4424,
  pages =	{523--538},
  month = 	 mar,
  publisher = {Springer},
  note = 	 {Extended version at \url{http://eprint.iacr.org/2006/435}}}

@InProceedings{Fay79,
  author = {M. Fay},
  title = {First-order Unification in an Equational Theory},
  booktitle = {Proc. 4th Workshop on Automated Deduction},
  year = 1979}

@Book{BaaderNipkow98,
  author = {Franz Baader and Tobias Nipkow},
  title = {Term Rewriting and All That},
  publisher = {Cambridge University Press},
  year = 1998}

@Book{Paulson91,
  author = {Laurence C. Paulson},
  title = {ML for the Working Programmer},
  publisher = {Cambridge University Press},
  year = 1991}

@Book{RobinsonVoronkov01,
  author = {Alan Robinson and Andrei Voronkov},
  title = {Handbook of Automated Reasoning},
  vol = 1,
  publisher = {The {MIT} Press},
  year = 2001}

@article{GoguenMeseguer92,
    author = "Joseph A. Goguen and Jose Meseguer",
    title = "Order-Sorted Algebra {I}: Equational Deduction for Multiple
Inheritance, Overloading, Exceptions and Partial Operations",
    journal = "Theoretical Computer Science",
    volume = "105",
    number = "2",
    pages = "217--273",
    year = "1992",
    url = "citeseer.ist.psu.edu/goguen92ordersorted.html" }

@inproceedings{Millen99,
    author = "Jonathan K. Millen",
    title = "A Necessarily Parallel Attack",
    booktitle = "Workshop on Formal Methods and Security Protocols,
Part of the Federated Logic Conference",
    address = "Trento, Italy",
    editor = "Nevin Heintze and Edmund Clarke",
    year = "1999",
    url = "citeseer.ist.psu.edu/millen99necessarily.html" }

@inproceedings{PavlovicMeadows06,
    author = "Dusko Pavlovic and Catherine Meadows",
    title = "Deriving Secrecy in Key Establishment Protocols",
    booktitle = "European Symposium on Research in Computer Security",
    month = sep,
    year = 2006,
    url = "http://www.kestrel.edu/home/people/pavlovic/security.html" }

@article{GansnerNorth00,
    author = "Emden R. Gansner and Stephen C. North",
    title = "An open graph visualization system and its applications to software engineering",
    journal = "Soft\-ware --- Prac\-tice and Experience",
    volume = "30",
    number = "11",
    pages = "1203--1233",
    year = "2000",
    url = "citeseer.ist.psu.edu/gansner99open.html" }

@Unpublished{Dijkstra82,
  author = 	 {Edsger W. Dijkstra},
  title = 	 {Why numbering should start at zero},
  note = 	 {\url{http://www.cs.utexas.edu/users/EWD/transcriptions/EWD08xx/EWD831.html}},
  month = 	 aug,
  year = 	 1982}

@article{GuttmanThayer02,
  author    = {Joshua D. Guttman and
               F. Javier Thayer},
  title     = {Authentication tests and the structure of bundles},
  journal   = {Theor. Comput. Sci.},
  volume    = {283},
  number    = {2},
  year      = {2002},
  pages     = {333--380},
  ee        = {http://dx.doi.org/10.1016/S0304-3975(01)00139-6},
  bibsource = {DBLP, http://dblp.uni-trier.de}
}

@article{ThayerEtal99,
  author    = {F. Javier Thayer and
               Jonathan C. Herzog and
               Joshua D. Guttman},
  title     = {Strand Spaces: Proving Security Protocols Correct},
  journal   = {Journal of Computer Security},
  volume    = {7},
  number    = {1},
  year      = {1999},
  bibsource = {DBLP, http://dblp.uni-trier.de}
}

@article{DolevYao83,
    author = "Daniel Dolev and Andrew Yao",
    title = "On the security of public-key protocols",
    journal = "{IEEE} Transactions on Information Theory",
    volume = 29,
    pages = "198--208",
    year = 1983
}

@Manual{cpsatheory10,
  title = 	 {{CPSA} Theory},
  OPTkey = 	 {},
  author = 	 {Moses D.~Liskov and John D.~Ramsdell and Paul D.~Rowe},
  organization = {The MITRE Corporation},
  OPTaddress = 	 {},
  OPTedition = 	 {},
  OPTmonth = 	 {},
  year = 	 2010,
  note = 	 {In \url{http://hackage.haskell.org/package/cpsa} source
    distribution, \texttt{doc} directory},
  OPTannote = 	 {}
}

@Manual{cpsaspec09,
  title = 	 {The {CPSA} Specification:
    A Reduction System for Searching for Shapes in Cryptographic Protocols},
  OPTkey = 	 {},
  author = 	 {John D.~Ramsdell and Joshua D.~Guttman and Moses D.~Liskov and Paul D.~Rowe},
  organization = {The MITRE Corporation},
  OPTaddress = 	 {},
  OPTedition = 	 {},
  OPTmonth = 	 {},
  year = 	 2009,
  note = 	 {In \url{http://hackage.haskell.org/package/cpsa} source
    distribution, \texttt{doc} directory},
  OPTannote = 	 {}
}

@Manual{cpsadesign09,
  title = 	 {{CPSA} Design},
  OPTkey = 	 {},
  author = 	 {John D.~Ramsdell and Joshua D.~Guttman},
  organization = {The MITRE Corporation},
  OPTaddress = 	 {},
  OPTedition = 	 {},
  OPTmonth = 	 {},
  year = 	 2009,
  note = 	 {In \url{http://hackage.haskell.org/package/cpsa} source
    distribution, \texttt{doc} directory},
  OPTannote = 	 {}
}

@Manual{cpsaprimer09,
  title = 	 {{CPSA} Primer},
  OPTkey = 	 {},
  author = 	 {John D.~Ramsdell and Joshua D.~Guttman},
  organization = {The MITRE Corporation},
  OPTaddress = 	 {},
  OPTedition = 	 {},
  OPTmonth = 	 {},
  year = 	 2009,
  note = 	 {In \url{http://hackage.haskell.org/package/cpsa} source
    distribution, \texttt{doc} directory},
  OPTannote = 	 {}
}

@Manual{cpsaoverview09,
  title = 	 {{CPSA} Overview},
  OPTkey = 	 {},
  author = 	 {John D.~Ramsdell and Joshua D.~Guttman},
  organization = {The MITRE Corporation},
  OPTaddress = 	 {},
  OPTedition = 	 {},
  OPTmonth = 	 {},
  year = 	 2009,
  note = 	 {In \url{http://hackage.haskell.org/package/cpsa} source
    distribution, \texttt{doc} directory},
  OPTannote = 	 {}
}

@InCollection{cpsa09,
  author = 	 {John D. Ramsdell and Joshua D. Guttman},
  title = 	 {{CPSA}: A cryptographic protocol shapes analyzer},
  booktitle = 	 {Hackage},
  OPTcrossref =  {},
  OPTkey = 	 {},
  OPTpages = 	 {},
  publisher =    {The MITRE Corporation},
  year = 	 2009,
  OPTeditor = 	 {},
  OPTvolume = 	 {},
  OPTnumber = 	 {},
  OPTseries = 	 {},
  OPTtype = 	 {},
  OPTchapter = 	 {},
  OPTaddress = 	 {},
  OPTedition = 	 {},
  OPTmonth = 	 {},
  note = 	 {\url{http://hackage.haskell.org/package/cpsa}},
  OPTannote = 	 {}
}

@unpublished{algimpl11,
  author = {Moses Liskov and John D. Ramsdell},
  title = {Implementing Strand Space Algebras},
  note = {\url{http://www.ccs.neu.edu/home/ramsdell/papers/algimpl.pdf}},
  year = 2011
}

@incollection{ComonLundhMillen10,
    author=	 {H. Comon-Lundh and S. Delaune and J. Millen},
    title =	 {Constraint solving techniques and enriching
                  the model with equational theories},
    booktitle =	 {Formal Models and Techniques for Analyzing
                  Security Protocols},
    editor =	 {Veronique Cortier and Steve Kremer},
    series =	 {Cryptology and Information Security Series},
    volume = 	 5,
    year =	 2011,
    isbn =	 {978-1-60750-713-0},
    publisher =	 {{ISO} Press}
    }

@incollection{Blanchet11,
    author=	 {Bruno Blanchet},
    title =	 {Using {H}orn Clauses for Analyzing Security Protocols},
    booktitle =	 {Formal Models and Techniques for Analyzing
                  Security Protocols},
    editor =	 {Veronique Cortier and Steve Kremer},
    series =	 {Cryptology and Information Security Series},
    volume = 	 5,
    year =	 2011,
    isbn =	 {978-1-60750-713-0},
    publisher =	 {{ISO} Press}
    }

@InCollection{Guttman11,
  author = 	 {Joshua D. Guttman},
  title = 	 {Shapes: Surveying Crypto Protocol Runs},
  booktitle = 	 {Formal Models and Techniques for Analyzing
                  Security Protocols},
  key = 	 {CortierKremer2011},
  publisher =	 {{IOS} Press},
  year = 	 2011,
  volume = 	 5,
  isbn =	 {978-1-60750-713-0},
  editor = 	 {Veronique Cortier and Steve Kremer},
  series = 	 {Cryptology and Information Security Series}}

@article{CokerEtAl11,
   author = {George Coker and Joshua Guttman and Peter Loscocco and
                  Amy Herzog and Jonathan Millen and Brian O'Hanlon
                  and John Ramsdell and Ariel Segall and Justin Sheehy
                  and Brian Sniffen},
   affiliation = {National Security Agency and The MITRE Corporation},
   title = {Principles of remote attestation},
   journal = {International Journal of Information Security},
   publisher = {Springer Berlin / Heidelberg},
   issn = {1615-5262},
   keyword = {Computer Science},
   pages = {63-81},
   volume = {10},
   issue = {2},
   url = {http://dx.doi.org/10.1007/s10207-011-0124-7},
   note = {10.1007/s10207-011-0124-7},
   year = {2011}
}

@InProceedings{Guttman09,
  author = 	 {Joshua D. Guttman},
  title = 	 {Security Theorems via Model Theory},
  OPTcrossref =  {},
  OPTkey = 	 {},
  booktitle =    {Express: Expressiveness in Concurrency,
                  Workshop affiliated with Concur},
  OPTpages = 	 {},
  year = 	 2009,
  OPTeditor = 	 {},
  OPTvolume = 	 {},
  OPTnumber = 	 {},
  OPTseries = 	 {},
  OPTaddress = 	 {},
  month = 	 sep,
  OPTorganization = {},
  OPTpublisher = {},
  note = 	 {Post-proceedings in EPTCS, \url{http://www.eptcs.org/}},
  OPTannote = 	 {}
}

@InProceedings{Guttman11a,
  author = 	 {Joshua D. Guttman},
  title = 	 {Security Goals and Protocol Transformations},
  OPTcrossref =  {},
  OPTkey = 	 {},
  booktitle =    {Theory of Security and Applications {(TOSCA)}},
  OPTpages = 	 {},
  year = 	 2011,
  OPTeditor = 	 {},
  OPTvolume = 	 {},
  OPTnumber = 	 {},
  OPTseries = 	 {},
  OPTaddress = 	 {},
  month = 	 mar,
  OPTorganization = {},
  OPTpublisher = {},
  OPTannote = 	 {}
}

@article{DenningSacco81,
  author =	 {Dorothy E. Denning and Giovanni M. Sacco},
  title =	 {Timestamps in key distribution protocols},
  journal =	 {Communications of the ACM},
  volume =	 24,
  number =	 8,
  pages =	 {533--536},
  month =	 aug,
  year =	 1981
}

@inproceedings{GuttmanEtAl04,
    author = {Joshua D. Guttman and F. Javier Thayer and Jay A. Carlson and Jonathan C. Herzog and John D. Ramsdell and Brian T. Sniffen},
    title = {Trust management in strand spaces: A rely-guarantee method},
    booktitle = {In Proc. of the European Symposium on Programming (ESOP `04), LNCS},
    year = 2004,
    pages = {325--339},
    publisher = {Springer-Verlag}
}

@Unpublished{prover9,
  author = 	 {Bill W. McCune},
  title = 	 {Prover9},
  note = 	 {\url{http://www.cs.unm.edu/~mccune/mace4/}},
  OPTkey = 	 {},
  OPTmonth = 	 {},
  OPTyear = 	 {},
  OPTannote = 	 {}
}

@MastersThesis{cremers06,
  author = {Casimier J. Cremers},
  title = {Scyther---Semantics and Verification of Security Protocols},
  school = {Eindhoven Univesity of Technology},
  type = {{Ph.D. Thesis}},
  note = {\url{http://people.inf.ethz.ch/cremersc/scyther/}},
  year = 2006
}

@Article{datta05,
  author = 	 {Anupam Datta and Ante Derek and
                  John C. Mitchell and Dusko Pavlovic},
  title = 	 {A Derivation System and Compositional
                  Logic for Security Protocols},
  journal = 	 {J. Comput. Secur.},
  year = 	 {2005},
  volume = 	 13,
  number = 	 3,
  pages = 	 {423--482}
}

@Unpublished{ramsdell12,
  author = 	 {John D. Ramsdell},
  title = 	 {Deducing Security Goals From Shape Analysis Sentences},
  note = 	 {\url{http://arxiv.org/abs/1204.0480}},
  OPTkey = 	 {},
  month = 	 apr,
  year = 	 2012,
  OPTannote = 	 {}
}

@TechReport{cpsatheory11,
  title = 	 {Completeness of {CPSA}},
  author = 	 {Moses D.~Liskov and Paul D.~Rowe and F.~Javier Thayer},
  institution = {The MITRE Corporation},
  year = 	 2011,
  number = 	 {MTR110479},
}

@PHDTHESIS{BlanchetHDR,
  AUTHOR = {Bruno Blanchet},
  TITLE = {V\'{e}rification automatique de protocoles cryptographiques: mod\`{e}le formel et mod\`{e}le calculatoire. Automatic verification of security protocols: formal model and computational model},
  SCHOOL = {Universit\'{e} Paris-Dauphine},
  YEAR = 2008,
  TYPE = {M\'{e}moire d'habilitation \`{a} diriger des recherches},
  MONTH = NOV,
  NOTE = {En fran\c{c}ais avec publications en anglais en annexe. In French with publications in English in appendix.}
}

@inproceedings{cade92-pvs,
    AUTHOR = {{S.} Owre and {J.} {M.} Rushby and and {N.} Shankar},
    TITLE = {{PVS:} {A} Prototype Verification System},
    BOOKTITLE = {11th International Conference on Automated Deduction (CADE)},
    YEAR = {1992},
    EDITOR = {Deepak Kapur},
    SERIES = {Lecture Notes in Artificial Intelligence},
    VOLUME = {607},
    PAGES = {748--752},
    ADDRESS = {Saratoga, {NY}},
    MONTH = {jun},
    PUBLISHER = {Springer-Verlag},
    URL = {http://pvs.csl.sri.com/papers/cade92-pvs/},
    note = {\url{http://pvs.csl.sri.com}}
}

@article{Guttman12,
 author = {Guttman, Joshua D.},
 title = {State and Progress in Strand Spaces: Proving Fair Exchange},
 journal = {J. Autom. Reason.},
 issue_date = {February  2012},
 volume = {48},
 number = {2},
 month = feb,
 year = {2012},
 issn = {0168-7433},
 pages = {159--195},
 numpages = {37},
 url = {http://dx.doi.org/10.1007/s10817-010-9202-1},
 doi = {10.1007/s10817-010-9202-1},
 acmid = {2124990},
 publisher = {Springer-Verlag New York, Inc.},
 address = {Secaucus, NJ, USA},
 keywords = {Cryptographic protocol analysis, Fair exchange, Strand spaces, Verification},
}

@article{ables2010escrowed,
  title={Escrowed data and the digital envelope},
  author={Ables, K. and Ryan, M.},
  journal={Trust and Trustworthy Computing},
  pages={246--256},
  year={2010},
  publisher={Springer}
}

@Book{Enderton01,
  author = 	 {Herbert B. Enderton},
  title = 	 {A Mathematical Introduction to Logic},
  publisher = 	 {Harcourt/Acedemic Press},
  year = 	 2001,
  OPTkey = 	 {},
  OPTvolume = 	 {},
  OPTnumber = 	 {},
  OPTseries = 	 {},
  OPTaddress = 	 {},
  edition = 	 {Second},
  OPTmonth = 	 {},
  OPTnote = 	 {},
  OPTannote = 	 {}
}
